@article{directedramsey,
  title={Tighter Bounds on Directed Ramsey Number R (7)},
  author={Neiman, David and Mackey, John and Heule, Marijn},
  journal={arXiv preprint arXiv:2011.00683},
  year={2020}
}

@article{ref_heule,
  title={Optimal symmetry breaking for graph problems},
  author={Heule, Marijn JH},
  journal={Mathematics in Computer Science},
  volume={13},
  number={4},
  pages={533--548},
  year={2019},
  publisher={Springer}
}

@inproceedings{ref_sinz,
  title={Towards an optimal CNF encoding of boolean cardinality constraints},
  author={Sinz, Carsten},
  booktitle={International conference on principles and practice of constraint programming},
  pages={827--831},
  year={2005},
  organization={Springer}
}

@article{ref_nauty,
  title={Practical graph isomorphism, II},
  author={McKay, Brendan D and Piperno, Adolfo},
  journal={Journal of symbolic computation},
  volume={60},
  pages={94--112},
  year={2014},
  publisher={Elsevier}
}

@incollection{ref_tseitin,
  title={On the complexity of derivation in propositional calculus},
  author={Tseitin, Grigori S},
  booktitle={Automation of reasoning},
  pages={466--483},
  year={1983},
  publisher={Springer}
}